
% CHAPTER 1
1.
@article{Maddi2023,
  author    = {Hema Latha Maddi},
  title     = {Advanced Computer Vision-Based Surveillance System for Helmet Detection and Triple Rider Identification on Motorcycles using Machine Learning},
  year      = {2023},
  journal   = {Unpublished Manuscript},
  url       = {https://Advanced_Computer_Vision-Based_Surveillance_System_for_Helmet_Detection_and_Triple_Rider_Identification_on_Motorcycles_using_Machine_Learning}
}
2.
@article{Godbole2024,
  author    = {Tanmayee Godbole and Purva Sapkal and Sujal Malapure and Shrihari Ganbavale},
  title     = {Safe Rider: Helmet Detection Using Machine Learning and Open CV},
  journal   = {International Journal for Research in Applied Science and Engineering Technology (IJRASET)},
  year      = {2024},
  url       = {https://www.ijraset.com/best-journal/safe-rider-helmet-detection-using-machine-learning-and-open-cv}
}
3.
@inproceedings{Kumar2023,
  author    = {Raman Kumar and Yogendra Kumar and Ahmed Alkhayyat and Lovneesh Sharma and Ankita Joshi and Ayush Dogra},
  title     = {Vision-Based Safety Identification and Monitoring System Using TensorFlow},
  booktitle = {International Conference on Intelligent Systems Design and Applications},
  pages     = {369--375},
  year      = {2023},
  month     = {December},
  publisher = {Springer Nature Switzerland},
  doi       = {10.1007/978-3-031-64650-8_36},
  url       = {https://link.springer.com/chapter/10.1007/978-3-031-64650-8_36}
}
4.
@article{Said2024,
  author    = {Yahia Said and Yahya Alassaf and Refka Ghodhbani and Yazan Ahmad Alsariera and Taoufik Saidani and Olfa Ben Rhaiem and Mohamad Khaled Makhdoum and Manel Hleili},
  title     = {AI-Based Helmet Violation Detection for Traffic Management System},
  journal   = {CMES-Computer Modeling in Engineering \& Sciences},
  volume    = {141},
  number    = {1},
  year      = {2024},
  doi       = {10.32604/cmes.2024.052369},
  url       = {https://doi.org/10.32604/cmes.2024.052369}
}
5.
@misc{Thakur2024,
  author    = {Vikash Kumar Thakur},
  title     = {Enhancing Safety: A Computer Vision Approach to Helmet Detection},
  year      = {2024},
  howpublished = {Medium},
  url       = {https://medium.com/@vkt08/enhancing-safety-a-computer-vision-approach-to-helmet-detection-c5a48a7275d2}
}
6.
@book{HarmsRingdahl2013,
  author    = {Lennart Harms-Ringdahl},
  title     = {Guide to Safety Analysis for Accident Prevention},
  year      = {2013},
  publisher = {IRS Riskhantering AB},
  url       = {https://irisk.se/sabook/SA-book1.pdf}
}
7.
@misc{MMDA2023,
  author    = {{Metropolitan Manila Development Authority}},
  title     = {MMDA logs 17.3\% increase in motorcycle-related crashes in 2023},
  year      = {2023},
  howpublished = {Inquirer.net News},
  url       = {https://newsinfo.inquirer.net/1927991/mmda-logs-17-3-increase-in-motorcycle-related-crashes-in-2023}
}
8.
@misc{Republic2009,
  author    = {{Republic of the Philippines}},
  title     = {Republic Act No. 10054 - Motorcycle Helmet Act of 2009},
  year      = {2009},
  howpublished = {Official Law},
  url       = {https://ltoportal.ph/ra-10054-motorcycle-helmet-act-philippines/}
}
9.
@book{Cormen2009,
  author    = {Thomas H. Cormen and Charles E. Leiserson and Ronald L. Rivest and Clifford Stein},
  title     = {Introduction to Algorithms},
  edition   = {3rd},
  year      = {2009},
  publisher = {MIT Press},
  url       = {https://archive.org/details/introduction-to-algorithms-third-edition-2009}
}
10.
@inproceedings{Redmon2020,
  author    = {Joseph Redmon and Santosh Divvala and Ross Girshick and Ali Farhadi},
  title     = {You Only Look Once: Unified, Real-Time Object Detection},
  booktitle = {Proceedings of the IEEE Conference on Computer Vision and Pattern Recognition (CVPR)},
  pages     = {779--788},
  year      = {2020},
  url       = {https://arxiv.org/abs/1506.02640}
}
11.
@book{Russell2021,
  author    = {Stuart Russell and Peter Norvig},
  title     = {Artificial Intelligence: A Modern Approach},
  edition   = {4th},
  publisher = {Pearson},
  year      = {2021},
  url       = {https://aima.cs.berkeley.edu/}
}
12.
@book{Szeliski2010,
  author    = {Richard Szeliski},
  title     = {Computer Vision: Algorithms and Applications},
  publisher = {Springer},
  year      = {2010},
  doi       = {10.1007/978-1-84882-935-0},
  url       = {https://link.springer.com/book/10.1007/978-1-84882-935-0}
}
13.
@inproceedings{Deng2009,
  author    = {Jia Deng and Wei Dong and Richard Socher and Li-Jia Li and Kai Li and Li Fei-Fei},
  title     = {ImageNet: A Large-Scale Hierarchical Image Database},
  booktitle = {2009 IEEE Conference on Computer Vision and Pattern Recognition},
  pages     = {248--255},
  year      = {2009},
  publisher = {IEEE},
  doi       = {10.1109/CVPR.2009.5206848},
  url       = {https://ieeexplore.ieee.org/document/5206848}
}
14.
@article{Hayat2022,
  author    = {Ahatsham Hayat and Fernando Morgado-Dias},
  title     = {Deep Learning-Based Automatic Safety Helmet Detection System for Construction Safety},
  journal   = {Applied Sciences},
  volume    = {12},
  number    = {16},
  pages     = {8268},
  year      = {2022},
  doi       = {10.3390/app12168268}
}
15.
@inproceedings{Tian2019,
  author    = {Zhi Tian and Chunhua Shen and Hao Chen and Tong He},
  title     = {FCOS: Fully Convolutional One-Stage Object Detection},
  booktitle = {Proceedings of the IEEE/CVF International Conference on Computer Vision (ICCV)},
  pages     = {9627--9636},
  year      = {2019},
  doi       = {10.1109/ICCV.2019.00972}
}
16.
@article{Kim2022,
  author    = {Hyunduk Kim and Myoung-Kyu Sohn and Sang-Heon Lee},
  title     = {Development of a Real-Time Automatic Passenger Counting System using Head Detection Based on Deep Learning},
  journal   = {Journal of Information Processing Systems},
  volume    = {18},
  number    = {3},
  pages     = {428--442},
  year      = {2022},
  doi       = {10.3745/JIPS.04.0246}
}
17.
@misc{OxfordRef,
  author    = {{Oxford Reference}},
  title     = {Road safety},
  howpublished = {In \textit{A Dictionary of Public Health}},
  publisher = {Oxford University Press},
  url       = {https://www.oxfordreference.com/display/10.1093/acref/9780199218707.001.0001/acref-9780199218707-e-3052}
}
18.
@misc{MerriamHelmet,
  author    = {{Merriam-Webster}},
  title     = {Helmet},
  howpublished = {Merriam-Webster.com Dictionary},
  url       = {https://www.merriam-webster.com/dictionary/helmet}
}
19.
@misc{BritannicaTraffic,
  author    = {{Encyclopaedia Britannica}},
  title     = {Traffic control},
  year      = {n.d.},
  url       = {https://www.britannica.com/technology/traffic-control}
}
20.
@misc{BritannicaLaw,
  author    = {{Encyclopaedia Britannica}},
  title     = {Law enforcement},
  year      = {n.d.},
  url       = {https://www.britannica.com/topic/law-enforcement}
}
21.
@book{Goodfellow2016,
  author    = {Ian Goodfellow and Yoshua Bengio and Aaron Courville},
  title     = {Deep Learning},
  year      = {2016},
  publisher = {MIT Press},
  url       = {https://www.deeplearningbook.org/}
}
22.
@book{Gonzalez2018,
  author    = {Rafael C. Gonzalez and Richard E. Woods},
  title     = {Digital Image Processing},
  edition   = {4th},
  publisher = {Pearson},
  year      = {2018},
  url       = {https://www.pearson.com/store/p/digital-image-processing/P100000006584}
}
23.
@misc{WHO2018,
  author    = {{World Health Organization}},
  title     = {Helmet use saves lives},
  year      = {2018},
  howpublished = {Fact sheet},
  url       = {https://www.who.int/news-room/fact-sheets/detail/road-traffic-injuries}
}

% CHAPTER 2